@Book{Cheng,
author = {David K. Cheng},
title = {Fundamentals of Engineering Electromagnetics},
publisher = {Addison-Wesley},
year = {2007}
}

@Book{Chadwick,
author = {P. Chadwick},
title = {Continuum Mechanics: Concise Theory and Problems},
publisher = {Dover},
year = {1999}
}

@article{Hesthaven2001,
author = {Hesthaven, J S and Warburton, T},
title = {{High-order / Spectral Methods on Unstructured Grids I . Time-domain Solution of Maxwell ' s Equations Form}},
year = {2001}
}
